@ARTICLE{Bliss1973-od,
    author = "Bliss, T V and Lomo, T",
    title = "Long-lasting potentiation of synaptic transmission in the dentate area of the anaesthetized rabbit following stimulation of the perforant path",
    journal = "J. Physiol.",
    volume = "232",
    number = "2",
    pages = "331--356",
    month = "July",
    year = "1973",
    language = "en",
    issn = "0022-3751",
    pmid = "4727084",
    doi = "10.1113/jphysiol.1973.sp010273",
    pmc = "PMC1350458"
}

@ARTICLE{Nabavi2014-fn,
    author = "Nabavi, Sadegh and Fox, Rocky and Proulx, Christophe D and Lin, John Y and Tsien, Roger Y and Malinow, Roberto",
    title = "Engineering a memory with {LTD} and {LTP}",
    journal = "Nature",
    publisher = "Nature Publishing Group",
    volume = "511",
    number = "7509",
    pages = "348--352",
    year = "2014",
    issn = "0028-0836, 1476-4687",
    pmid = "24896183",
    arxivid = "NIHMS150003",
    doi = "10.1038/nature13294"
}

@ARTICLE{Gallistel2014-el,
    author = "Gallistel, Charles R and Balsam, Peter D",
    title = "Time to rethink the neural mechanisms of learning and memory",
    journal = "Neurobiol. Learn. Mem.",
    volume = "108",
    pages = "136--144",
    month = "February",
    year = "2014",
    language = "en",
    issn = "1074-7427, 1095-9564",
    pmid = "24309167",
    doi = "10.1016/j.nlm.2013.11.019",
    pmc = "PMC3932565"
}

@ARTICLE{Gallistel2013-qm,
    author = "Gallistel, C R and Matzel, Louis D",
    title = "The neuroscience of learning: beyond the Hebbian synapse",
    journal = "Annu. Rev. Psychol.",
    volume = "64",
    pages = "169--200",
    year = "2013",
    language = "en",
    issn = "0066-4308, 1545-2085",
    pmid = "22804775",
    doi = "10.1146/annurev-psych-113011-143807"
}

@ARTICLE{Johansson2019-sg,
    author = "Johansson, Fredrik",
    title = "Intrinsic memory of temporal intervals in cerebellar Purkinje cells",
    journal = "Neurobiol. Learn. Mem.",
    volume = "166",
    pages = "107103",
    month = "December",
    year = "2019",
    language = "en",
    issn = "1074-7427, 1095-9564",
    pmid = "31648018",
    doi = "10.1016/j.nlm.2019.107103"
}

@ARTICLE{Schreurs1998-de,
    author = "Schreurs, B G and Gusev, P A and Tomsic, D and Alkon, D L and Shi, T",
    title = "Intracellular correlates of acquisition and long-term memory of classical conditioning in Purkinje cell dendrites in slices of rabbit cerebellar lobule {HVI}",
    journal = "J. Neurosci.",
    volume = "18",
    number = "14",
    pages = "5498--5507",
    month = "July",
    year = "1998",
    language = "en",
    issn = "0270-6474",
    pmid = "9651230",
    pmc = "PMC6793470"
}

@ARTICLE{Moyer1996-bq,
    author = "Moyer, Jr, J R and Thompson, L T and Disterhoft, J F",
    title = "Trace eyeblink conditioning increases {CA1} excitability in a transient and learning-specific manner",
    journal = "J. Neurosci.",
    volume = "16",
    number = "17",
    pages = "5536--5546",
    month = "September",
    year = "1996",
    language = "en",
    issn = "0270-6474",
    pmid = "8757265",
    pmc = "PMC6578886"
}

@ARTICLE{Turrigiano1999-pn,
    author = "Turrigiano, G G",
    title = "Homeostatic plasticity in neuronal networks: the more things change, the more they stay the same",
    journal = "Trends Neurosci.",
    volume = "22",
    number = "5",
    pages = "221--227",
    month = "May",
    year = "1999",
    language = "en",
    issn = "0166-2236",
    pmid = "10322495",
    doi = "10.1016/s0166-2236(98)01341-1"
}

@ARTICLE{Hansel2001-ti,
    author = "Hansel, C and Linden, D J and D'Angelo, E",
    title = "Beyond parallel fiber {LTD}: the diversity of synaptic and non-synaptic plasticity in the cerebellum",
    journal = "Nat. Neurosci.",
    volume = "4",
    number = "5",
    pages = "467--475",
    month = "May",
    year = "2001",
    language = "en",
    issn = "1097-6256",
    pmid = "11319554",
    doi = "10.1038/87419"
}

@ARTICLE{Marder1996-mp,
    author = "Marder, E and Abbott, L F and Turrigiano, G G and Liu, Z and Golowasch, J",
    title = "Memory from the dynamics of intrinsic membrane currents",
    journal = "Proc. Natl. Acad. Sci. U. S. A.",
    volume = "93",
    number = "24",
    pages = "13481--13486",
    month = "November",
    year = "1996",
    language = "en",
    issn = "0027-8424",
    pmid = "8942960",
    doi = "10.1073/pnas.93.24.13481",
    pmc = "PMC33634"
}

@ARTICLE{Josselyn2020-et,
    author = "Josselyn, Sheena A and Tonegawa, Susumu",
    title = "Memory engrams: Recalling the past and imagining the future",
    journal = "Science",
    volume = "367",
    number = "6473",
    month = "January",
    year = "2020",
    language = "en",
    issn = "0036-8075, 1095-9203",
    pmid = "31896692",
    doi = "10.1126/science.aaw4325",
    pmc = "PMC7577560"
}

@ARTICLE{Hansel2020-ep,
    author = "Hansel, Christian and Disterhoft, John F",
    title = "Why is synaptic plasticity not enough?",
    journal = "Neurobiol. Learn. Mem.",
    volume = "176",
    pages = "107336",
    month = "December",
    year = "2020",
    language = "en",
    issn = "1074-7427, 1095-9564",
    pmid = "33137462",
    doi = "10.1016/j.nlm.2020.107336"
}

@ARTICLE{Gallistel2017-em,
    author = "Gallistel, C R",
    title = "The Coding Question",
    journal = "Trends Cogn. Sci.",
    volume = "21",
    number = "7",
    pages = "498--508",
    month = "July",
    year = "2017",
    language = "en",
    issn = "1364-6613, 1879-307X",
    pmid = "28522379",
    doi = "10.1016/j.tics.2017.04.012"
}

@ARTICLE{Johansson2015-ql,
    author = "Johansson, Fredrik and Carlsson, Hannes A E and Rasmussen, Anders and Yeo, Christopher H and Hesslow, Germund",
    title = "Activation of a Temporal Memory in Purkinje Cells by the mGluR7 Receptor",
    journal = "Cell Rep.",
    volume = "13",
    number = "9",
    pages = "1741--1746",
    month = "December",
    year = "2015",
    language = "en",
    issn = "2211-1247",
    pmid = "26655894",
    doi = "10.1016/j.celrep.2015.10.047"
}

@ARTICLE{Gershman2021-eu,
    author = "Gershman, Samuel J and Balbi, Petra Em and Gallistel, C Randy and Gunawardena, Jeremy",
    title = "Reconsidering the evidence for learning in single cells",
    journal = "Elife",
    volume = "10",
    month = "January",
    year = "2021",
    language = "en",
    issn = "2050-084X",
    pmid = "33395388",
    doi = "10.7554/eLife.61907",
    pmc = "PMC7781593"
}

@INPROCEEDINGS{Triesch2005-jo,
    author = "Triesch, Jochen",
    title = "A Gradient Rule for the Plasticity of a Neuron's Intrinsic Excitability",
    booktitle = "Artificial Neural Networks: Biological Inspirations -- {ICANN} 2005",
    publisher = "Springer Berlin Heidelberg",
    pages = "65--70",
    year = "2005",
    doi = "10.1007/11550822\\_11"
}

@ARTICLE{Wu2020-ru,
    author = "Wu, Yue Kris and Hengen, Keith B and Turrigiano, Gina G and Gjorgjieva, Julijana",
    title = "Homeostatic mechanisms regulate distinct aspects of cortical circuit dynamics",
    journal = "Proc. Natl. Acad. Sci. U. S. A.",
    number = "39",
    volume = "117",
    pages = "24514--24525",
    month = "September",
    year = "2020",
    language = "en",
    doi = "10.1073/pnas.1918368117",
    pmc = "PMC7533694"
}

@ARTICLE{Marder2002-lv,
    author = "Marder, Eve and Prinz, Astrid A",
    title = "Modeling stability in neuron and network function: the role of activity in homeostasis",
    journal = "Bioessays",
    volume = "24",
    number = "12",
    pages = "1145--1154",
    month = "December",
    year = "2002",
    language = "en",
    issn = "0265-9247",
    pmid = "12447979",
    doi = "10.1002/bies.10185"
}

@ARTICLE{LeMasson1993-fr,
    author = "LeMasson, G and Marder, E and Abbott, L F",
    title = "Activity-dependent regulation of conductances in model neurons",
    journal = "Science",
    publisher = "American Association for the Advancement of Science",
    volume = "259",
    number = "5103",
    pages = "1915--1917",
    month = "March",
    year = "1993",
    language = "en",
    issn = "0036-8075, 1095-9203",
    pmid = "8456317",
    doi = "10.1126/science.8456317"
}

@ARTICLE{Stemmler1999-iz,
    author = "Stemmler, Martin and Koch, Christof",
    title = "How voltage-dependent conductances can adapt to maximize the information encoded by neuronal firing rate",
    journal = "Nat. Neurosci.",
    publisher = "Nature Publishing Group",
    volume = "2",
    number = "6",
    pages = "521--527",
    month = "June",
    year = "1999",
    language = "en",
    issn = "1097-6256",
    pmid = "10448216",
    doi = "10.1038/9173"
}

@ARTICLE{Ohtsuki2012-ds,
    author = "Ohtsuki, Gen and Piochon, Claire and Adelman, John P and Hansel, Christian",
    title = "{SK2} channel modulation contributes to compartment-specific dendritic plasticity in cerebellar Purkinje cells",
    journal = "Neuron",
    publisher = "Elsevier Inc.",
    volume = "75",
    number = "1",
    pages = "108--120",
    month = "July",
    year = "2012",
    language = "en",
    issn = "0896-6273, 1097-4199",
    pmid = "22794265",
    doi = "10.1016/j.neuron.2012.05.025",
    pmc = "PMC3398406"
}

@ARTICLE{Shaw2020-hu,
    author = "Shaw, Nolan Peter and Jackson, Tyler and Orchard, Jeff",
    title = "Biological batch normalisation: How intrinsic plasticity improves learning in deep neural networks",
    journal = "PLoS One",
    volume = "15",
    number = "9",
    pages = "e0238454",
    month = "September",
    year = "2020",
    language = "en",
    issn = "1932-6203",
    pmid = "32966302",
    doi = "10.1371/journal.pone.0238454"
}

@ARTICLE{Li2016-ge,
    author = "Li, C and Li, Y",
    title = "A Review on Synergistic Learning",
    journal = "IEEE Access",
    volume = "4",
    pages = "119--134",
    year = "2016",
    doi = "10.1109/ACCESS.2015.2509005"
}

@ARTICLE{Zhang2019-qh,
    author = "Zhang, Wenrui and Li, Peng",
    title = "{Information-Theoretic} Intrinsic Plasticity for Online Unsupervised Learning in Spiking Neural Networks",
    journal = "Front. Neurosci.",
    publisher = "Frontiers",
    volume = "13",
    pages = "31",
    month = "February",
    year = "2019",
    issn = "1662-4548",
    doi = "10.3389/fnins.2019.00031"
}

@ARTICLE{Lazar2007-fl,
    author = "Lazar, Andreea and Pipa, Gordon and Triesch, Jochen",
    title = "Fading memory and time series prediction in recurrent networks with different forms of plasticity",
    journal = "Neural Netw.",
    volume = "20",
    number = "3",
    pages = "312--322",
    month = "April",
    year = "2007",
    language = "en",
    issn = "0893-6080",
    pmid = "17556114",
    doi = "10.1016/j.neunet.2007.04.020"
}

@ARTICLE{Steil2007-ql,
    author = "Steil, Jochen J",
    title = "Online reservoir adaptation by intrinsic plasticity for backpropagation-decorrelation and echo state learning",
    journal = "Neural Netw.",
    volume = "20",
    number = "3",
    pages = "353--364",
    month = "April",
    year = "2007",
    language = "en",
    issn = "0893-6080",
    pmid = "17517491",
    doi = "10.1016/j.neunet.2007.04.011"
}

@ARTICLE{Baek2020-si,
    author = "Baek, Eunhye and Das, Nikhil Ranjan and Cannistraci, Carlo Vittorio and Rim, Taiuk and Berm{\'u}dez, Gilbert Santiago Ca{\\textasciitilde n}{\'o}n and Nych, Khrystyna and Cho, Hyeonsu and Kim, Kihyun and Baek, Chang-Ki and Makarov, Denys and Tetzlaff, Ronald and Chua, Leon and Baraban, Larysa and Cuniberti, Gianaurelio",
    title = "Intrinsic plasticity of silicon nanowire neurotransistors for dynamic memory and learning functions",
    journal = "Nature Electronics",
    publisher = "Nature Publishing Group",
    volume = "3",
    number = "7",
    pages = "398--408",
    month = "May",
    year = "2020",
    language = "en",
    issn = "2520-1131, 2520-1131",
    doi = "10.1038/s41928-020-0412-1"
}

@ARTICLE{Dalgaty2019-ng,
    author = "Dalgaty, Thomas and Payvand, Melika and Moro, Filippo and Ly, Denys R B and Pebay-Peyroula, Florian and Casas, Jerome and Indiveri, Giacomo and Vianello, Elisa",
    title = "Hybrid neuromorphic circuits exploiting non-conventional properties of {RRAM} for massively parallel local plasticity mechanisms",
    journal = "APL Materials",
    publisher = "American Institute of Physics",
    volume = "7",
    number = "8",
    pages = "081125",
    month = "August",
    year = "2019",
    doi = "10.1063/1.5108663"
}

@ARTICLE{Wang2020-us,
    author = "Wang, Xinjie and Jin, Yaochu and Hao, Kuangrong",
    title = "Synergies between Synaptic and Intrinsic Plasticity in Echo State Networks",
    journal = "Neurocomputing",
    month = "December",
    year = "2020",
    issn = "0925-2312",
    doi = "10.1016/j.neucom.2020.12.007"
}

@ARTICLE{Savin2010-bf,
    author = "Savin, Cristina and Joshi, Prashant and Triesch, Jochen",
    editor = "Morrison, Abigail",
    title = "Independent Component Analysis in Spiking Neurons",
    journal = "PLoS Comput. Biol.",
    publisher = "Public Library of Science",
    volume = "6",
    number = "4",
    pages = "e1000757",
    month = "April",
    year = "2010",
    language = "en",
    issn = "1553-734X, 1553-7358",
    pmid = "20421937",
    doi = "10.1371/journal.pcbi.1000757",
    pmc = "PMC2858697"
}

@ARTICLE{Naude2013-bt,
    author = "Naude, J and Cessac, Bruno and Berry, Hugues and Delord, Bruno",
    title = "Effects of Cellular Homeostatic Intrinsic Plasticity on Dynamical and Computational Properties of Biological Recurrent Neural Networks",
    journal = "Journal of Neuroscience",
    volume = "33",
    number = "38",
    pages = "15032--15043",
    year = "2013",
    issn = "0270-6474",
    pmid = "24048833",
    doi = "10.1523/jneurosci.0870-13.2013"
}

@ARTICLE{Gill2020-wy,
    author = "Gill, Daniel F and Hansel, Christian",
    title = "Muscarinic Modulation of {SK2-Type} K+ Channels Promotes Intrinsic Plasticity in L2/3 Pyramidal Neurons of the Mouse Primary Somatosensory Cortex",
    journal = "eNeuro",
    volume = "7",
    number = "2",
    month = "March",
    year = "2020",
    language = "en",
    issn = "2373-2822",
    pmid = "32005752",
    doi = "10.1523/ENEURO.0453-19.2020",
    pmc = "PMC7294454"
}

@ARTICLE{Zheng2014-op,
    author = "Zheng, Pengsheng and Triesch, Jochen",
    title = "Robust development of synfire chains from multiple plasticity mechanisms",
    journal = "Front. Comput. Neurosci.",
    volume = "8",
    pages = "66",
    month = "June",
    year = "2014",
    language = "en",
    issn = "1662-5188",
    pmid = "25071537",
    doi = "10.3389/fncom.2014.00066",
    pmc = "PMC4074894"
}

@ARTICLE{Zhang2019-eo,
    author = "Zhang, Anguo and Zhou, Hongjun and Li, Xiumin and Zhu, Wei",
    title = "Fast and Robust Learning in Spiking {Feed-Forward} Neural Networks based on Intrinsic Plasticity Mechanism",
    journal = "Neurocomputing",
    volume = "365",
    pages = "102--112",
    month = "November",
    year = "2019",
    issn = "0925-2312",
    doi = "10.1016/j.neucom.2019.07.009"
}

@ARTICLE{Titley2017-da,
    author = "Titley, Heather K and Brunel, Nicolas and Hansel, Christian",
    title = "Toward a Neurocentric View of Learning",
    journal = "Neuron",
    volume = "95",
    number = "1",
    pages = "19--32",
    month = "July",
    year = "2017",
    language = "en",
    issn = "0896-6273, 1097-4199",
    pmid = "28683265",
    doi = "10.1016/j.neuron.2017.05.021",
    pmc = "PMC5519140"
}

@ARTICLE{Li2018-ev,
    author = "Li, Xiumin and Wang, Wei and Xue, Fangzheng and Song, Yongduan",
    title = "Computational modeling of spiking neural network with learning rules from {STDP} and intrinsic plasticity",
    journal = "Physica A: Statistical Mechanics and its Applications",
    publisher = "North-Holland",
    volume = "491",
    pages = "716--728",
    month = "February",
    year = "2018",
    doi = "10.1016/J.PHYSA.2017.08.053"
}

@ARTICLE{Li2013-qk,
    author = "Li, Yuke and Li, Chunguang",
    title = "Synergies between intrinsic and synaptic plasticity based on information theoretic learning",
    journal = "PLoS One",
    volume = "8",
    number = "5",
    pages = "e62894",
    month = "May",
    year = "2013",
    language = "en",
    issn = "1932-6203",
    pmid = "23671642",
    doi = "10.1371/journal.pone.0062894",
    pmc = "PMC3650036"
}

@INPROCEEDINGS{Joshi2009-yy,
    author = "Joshi, Prashant and Triesch, Jochen",
    title = "Rules for information maximization in spiking neurons using intrinsic plasticity",
    booktitle = "2009 International Joint Conference on Neural Networks",
    publisher = "IEEE",
    month = "June",
    year = "2009",
    volume = "",
    number = "",
    pages = "1456-1461",
    conference = "2009 International Joint Conference on Neural Networks (IJCNN 2009 - Atlanta)",
    location = "Atlanta, Ga, USA",
    isbn = "9781424435487",
    doi = "10.1109/ijcnn.2009.5178625"
}

@ARTICLE{Mahon2012-bt,
    author = "Mahon, S{\'e}verine and Charpier, St{\'e}phane",
    title = "Bidirectional Plasticity of Intrinsic Excitability Controls Sensory Inputs Efficiency in Layer 5 Barrel Cortex Neurons in Vivo",
    journal = "Journal of Neuroscience",
    year = "2012",
    doi = "10.1523/JNEUROSCI.0415-12.2012"
}

@ARTICLE{Lopez-Rojas2016-ew,
    author = "Lopez-Rojas, Jeffrey and Heine, Martin and Kreutz, Michael R",
    title = "Plasticity of intrinsic excitability in mature granule cells of the dentate gyrus",
    journal = "Sci. Rep.",
    volume = "6",
    pages = "21615",
    month = "February",
    year = "2016",
    language = "en",
    issn = "2045-2322",
    pmid = "26857841",
    doi = "10.1038/srep21615",
    pmc = "PMC4746665"
}

@ARTICLE{Paz2009-yn,
    author = "Paz, Jeanne T and Mahon, S{\'e}verine and Tiret, Pascale and Genet, St{\'e}phane and Delord, Bruno and Charpier, St{\'e}phane",
    title = "Multiple forms of activity-dependent intrinsic plasticity in layer {V} cortical neurones in vivo",
    journal = "J. Physiol.",
    volume = "587",
    number = "Pt 13",
    pages = "3189--3205",
    month = "July",
    year = "2009",
    language = "en",
    issn = "0022-3751, 1469-7793",
    pmid = "19433575",
    doi = "10.1113/jphysiol.2009.169334",
    pmc = "PMC2727031"
}

@ARTICLE{Titley2020-df,
    author = "Titley, Heather K and Watkins, Gabrielle V and Lin, Carmen and Weiss, Craig and McCarthy, Michael and Disterhoft, John F and Hansel, Christian",
    title = "Intrinsic Excitability Increase in Cerebellar Purkinje Cells after Delay {Eye-Blink} Conditioning in Mice",
    journal = "J. Neurosci.",
    volume = "40",
    number = "10",
    pages = "2038--2046",
    month = "March",
    year = "2020",
    language = "en",
    issn = "0270-6474, 1529-2401",
    pmid = "32015022",
    doi = "10.1523/JNEUROSCI.2259-19.2019",
    pmc = "PMC7055141"
}

@ARTICLE{Belmeguenai2010-ee,
    author = {Belmeguenai, Amor and Hosy, Eric and Bengtsson, Fredrik and Pedroarena, Christine M and Piochon, Claire and Teuling, Eva and He, Qionger and Ohtsuki, Gen and De Jeu, Marcel T G and Elgersma, Ype and De Zeeuw, Chris I and J{\"o}rntell, Henrik and Hansel, Christian},
    title = "Intrinsic plasticity complements long-term potentiation in parallel fiber input gain control in cerebellar Purkinje cells",
    journal = "Journal of Neuroscience",
    volume = "30",
    number = "41",
    pages = "13630--13643",
    month = "October",
    year = "2010",
    language = "en",
    issn = "0270-6474, 1529-2401",
    pmid = "20943904",
    doi = "10.1523/JNEUROSCI.3226-10.2010",
    pmc = "PMC2968711"
}

@ARTICLE{Triesch2007-np,
    author = "Triesch, Jochen",
    title = "Synergies Between Intrinsic and Synaptic Plasticity Mechanisms",
    journal = "Neural Comput.",
    volume = "19",
    number = "4",
    pages = "885--909",
    month = "April",
    year = "2007",
    language = "en",
    issn = "0899-7667",
    pmid = "17348766",
    doi = "10.1162/neco.2007.19.4.885"
}

@INCOLLECTION{Del_Papa2019-du,
    author = "Del Papa, Bruno and Priesemann, Viola and Triesch, Jochen",
    editor = "Tomen, Nergis and Herrmann, J Michael and Ernst, Udo",
    title = "Fading Memory, Plasticity, and Criticality in Recurrent Networks",
    booktitle = "The Functional Role of Critical Dynamics in Neural Systems",
    publisher = "Springer International Publishing",
    pages = "95--115",
    year = "2019",
    address = "Cham",
    isbn = "9783030209650",
    doi = "10.1007/978-3-030-20965-0\\_6"
}

@ARTICLE{Li2020-ej,
    author = "Li, Baowang and Routh, Brandy N and Johnston, Daniel and Seidemann, Eyal and Priebe, Nicholas J",
    title = "{Voltage-Gated} Intrinsic Conductances Shape the {Input-Output} Relationship of Cortical Neurons in Behaving Primate {V1}",
    journal = "Neuron",
    volume = "107",
    number = "1",
    pages = "185--196.e4",
    month = "July",
    year = "2020",
    language = "en",
    issn = "0896-6273, 1097-4199",
    pmid = "32348717",
    doi = "10.1016/j.neuron.2020.04.001"
}

@ARTICLE{Losonczy2008-pi,
    author = "Losonczy, Attila and Makara, Judit K and Magee, Jeffrey C",
    title = "Compartmentalized dendritic plasticity and input feature storage in neurons",
    journal = "Nature",
    publisher = "Nature Publishing Group",
    volume = "452",
    number = "7186",
    pages = "436--441",
    month = "March",
    year = "2008",
    language = "en",
    issn = "0028-0836, 1476-4687",
    pmid = "18368112",
    doi = "10.1038/nature06725"
}

@ARTICLE{Frankle2020-qs,
    author = "Frankle, Jonathan and Schwab, David J and Morcos, Ari S",
    title = "Training {BatchNorm} and Only {BatchNorm}: On the Expressive Power of Random Features in {CNNs}",
    archivePrefix = "arXiv",
    eprint = "2003.00152",
    primaryClass = "cs.LG",
    arxivid = "2003.00152",
    shorttitle = "Training {BatchNorm} and {Only} {BatchNorm}",
    url = "http://arxiv.org/abs/2003.00152",
    journal = "arXiv:2003.00152 [cs, stat]",
    month = "March",
    year = "2021",
    note = "arXiv: 2003.00152"
}

@ARTICLE{Luo2018-vw,
    author = "Luo, Ping and Wang, Xinjiang and Shao, Wenqi and Peng, Zhanglin",
    title = "Towards Understanding Regularization in Batch Normalization",
    archivePrefix = "arXiv",
    eprint = "1809.00846",
    primaryClass = "cs.LG",
    arxivid = "1809.00846",
    url = "http://arxiv.org/abs/1809.00846",
    urldate = "2021-11-18",
    journal = "arXiv:1809.00846 [cs, stat]",
    month = "April",
    year = "2019",
    note = "arXiv: 1809.00846 version: 4"
}

@ARTICLE{Loidolt2020-pw,
    author = "Loidolt, Matthias and Rudelt, Lucas and Priesemann, Viola",
    title = "Sequence memory in recurrent neuronal network can develop without structured input",
    elocation-id = "2020.09.15.297580",
    year = "2020",
    doi = "10.1101/2020.09.15.297580",
    publisher = "Cold Spring Harbor Laboratory",
    URL = "https://www.biorxiv.org/content/early/2020/09/16/2020.09.15.297580",
    eprint = "https://www.biorxiv.org/content/early/2020/09/16/2020.09.15.297580.full.pdf",
    journal = "bioRxiv"
}

@inproceedings{Ioffe2015-bw,
    author = "Ioffe, Sergey and Szegedy, Christian",
    title = "Batch Normalization: Accelerating Deep Network Training by Reducing Internal Covariate Shift",
    year = "2015",
    booktitle = "Proceedings of the 32nd International Conference on International Conference on Machine Learning - Volume 37",
    pages = "448–456",
    numpages = "9",
    location = "Lille, France",
    series = "ICML'15"
}

@Article{Santurkar2018-ff,
    author = "Santurkar, Shibani and Tsipras, Dimitris and Ilyas, Andrew and Madry, Aleksander",
    title = "How Does Batch Normalization Help Optimization?",
    archiveprefix = "arXiv",
    arxivid = "1805.11604",
    eprint = "1805.11604",
    primaryclass = "stat.ML",
    url = "http://arxiv.org/abs/1805.11604",
    urldate = "2021-11-18",
    journal = "arXiv:1805.11604 [cs, stat]",
    month = "April",
    year = "2019",
    note = "arXiv: 1805.11604",
    keywords = "Statistics - Machine Learning, Computer Science - Machine Learning, Computer Science - Neural and Evolutionary Computing"
}

@ARTICLE{Sivagnanam2013-au,
    author = "Sivagnanam, Subhashini and Majumdar, Amit and Yoshimoto, Kenneth and Astakhov, Vadim and Anita, B and Martone, Maryann and Carnevale, Nicholas T",
    title = "Introducing The Neuroscience Gateway",
    journal = "CEUR Workshop Proceedings",
    volume = "993",
    year = "2013"
}

@ARTICLE{Brecht2003-vf,
    author = "Brecht, Michael and Roth, Arnd and Sakmann, Bert",
    title = "Dynamic receptive fields of reconstructed pyramidal cells in layers 3 and 2 of rat somatosensory barrel cortex",
    journal = "J. Physiol.",
    volume = "553",
    number = "Pt 1",
    pages = "243--265",
    month = "November",
    year = "2003",
    language = "en",
    issn = "0022-3751",
    pmid = "12949232",
    doi = "10.1113/jphysiol.2003.044222",
    pmc = "PMC2343497"
}

@ARTICLE{Shadlen1998-je,
    author = "Shadlen, M N and Newsome, W T",
    title = "The variable discharge of cortical neurons: implications for connectivity, computation, and information coding",
    journal = "J. Neurosci.",
    volume = "18",
    number = "10",
    pages = "3870--3896",
    month = "May",
    year = "1998",
    language = "en",
    issn = "0270-6474",
    pmid = "9570816",
    doi = "10.1523/JNEUROSCI.18-10-03870.1998",
    pmc = "PMC6793166"
}

@ARTICLE{Sourdet2003-qr,
    author = {Sourdet, Val{\'e}rie and Russier, Micha{\"e}l and Daoudal, Ga{\"e}l and Ankri, Norbert and Debanne, Dominique},
    title = "Long-term enhancement of neuronal excitability and temporal fidelity mediated by metabotropic glutamate receptor subtype 5",
    journal = "J. Neurosci.",
    volume = "23",
    number = "32",
    pages = "10238--10248",
    month = "November",
    year = "2003",
    language = "en",
    issn = "0270-6474, 1529-2401",
    pmid = "14614082",
    pmc = "PMC6741009"
}

@ARTICLE{Freedman2011-bo,
    author = "Freedman, David J and Assad, John A",
    title = "A proposed common neural mechanism for categorization and perceptual decisions",
    journal = "Nat. Neurosci.",
    volume = "14",
    number = "2",
    pages = "143--146",
    month = "February",
    year = "2011",
    language = "en",
    issn = "1097-6256, 1546-1726",
    pmid = "21270782",
    doi = "10.1038/nn.2740"
}

@ARTICLE{Popescu2021-cj,
    author = "Popescu, Ion R and Le, Kathy Q and Ducote, Alexis L and Li, Jennifer E and Leland, Alexandria E and Mostany, Ricardo",
    title = "Increased intrinsic excitability and decreased synaptic inhibition in aged somatosensory cortex pyramidal neurons",
    journal = "Neurobiol. Aging",
    volume = "98",
    pages = "88--98",
    month = "February",
    year = "2021",
    language = "en",
    issn = "0197-4580, 1558-1497",
    pmid = "33249377",
    doi = "10.1016/j.neurobiolaging.2020.10.007",
    pmc = "PMC8436770"
}
